@article{dunham2014art,
  title={The Art of Random Fractals},
  author={Dunham, Douglas and Shier, John and others},
  journal={Bridges Seoul,(eds. Gary Greenfield, George Hart, and Reza Sarhangi), Seoul, Korea},
  pages={79--86},
  year={2014},
  publisher={Citeseer}
}